@inproceedings{kennedy1995particle,
  title={Particle swarm optimization},
  author={Kennedy, James and Eberhart, Russell},
  booktitle={Proceedings of ICNN'95-International Conference on Neural Networks},
  volume={4},
  pages={1942--1948},
  year={1995},
  organization={IEEE}
}
@article{wang2020particle,
  title={A Particle Swarm Optimization Algorithm for Mixed-Variable Optimization Problems},
  author={Wang, Feng and Zhang, Heng and Zhou, Aimin},
  journal={Swarm and Evolutionary Computation},
  year={2020},
  volume = "60",
  publisher={Elsevier}
}
@inproceedings{wei2019improved,
  title={An Improved Hybrid Particle Swarm Optimization for Travel Salesman Problem},
  author={Wei, Bo and Xing, Ying and Xia, Xuewen and Gui, Ling},
  booktitle={International Symposium on Intelligence Computation and Applications},
  pages={514--525},
  year={2019},
  publisher={Springer}
}